<?xml version="1.0" encoding="UTF-8"?><record xmlns="http://www.loc.gov/MARC21/slim" xmlns:cinclude="http://apache.org/cocoon/include/1.0" xmlns:zs="http://www.loc.gov/zing/srw/">
  <leader>00767cz  a2200157n  4500</leader>
  <controlfield tag="001">no 95005931 </controlfield>
  <controlfield tag="003">DLC</controlfield>
  <controlfield tag="005">19950802054928.3</controlfield>
  <controlfield tag="008">950206n| acannaab|          |a ana     c</controlfield>
  <datafield tag="010" ind1=" " ind2=" ">
    <subfield code="a">no 95005931 </subfield>
  </datafield>
  <datafield tag="035" ind1=" " ind2=" ">
    <subfield code="a">(OCoLC)oca03767533 </subfield>
  </datafield>
  <datafield tag="040" ind1=" " ind2=" ">
    <subfield code="a">DJBF</subfield>
    <subfield code="c">DJBF</subfield>
    <subfield code="d">CLU</subfield>
  </datafield>
  <datafield tag="110" ind1="2" ind2="0">
    <subfield code="a">Unesco.</subfield>
    <subfield code="b">Education Sector.</subfield>
    <subfield code="b">Documentation and Information Service</subfield>
  </datafield>
  <datafield tag="510" ind1="2" ind2="0">
    <subfield code="w">a</subfield>
    <subfield code="a">Unesco.</subfield>
    <subfield code="b">Education Sector.</subfield>
    <subfield code="b">Documentation and Computer-assisted Management Service</subfield>
  </datafield>
  <datafield tag="670" ind1=" " ind2=" ">
    <subfield code="a">Education for AIDS prevention, 1992:</subfield>
    <subfield code="b">t.p. (Education Sector, Documentation and Information Service)</subfield>
  </datafield>
  <datafield tag="670" ind1=" " ind2=" ">
    <subfield code="a">Its Catalogue of documents and publications, 1994-1995:</subfield>
    <subfield code="b">t.p. (Education Sector, Documentation and Information Service); 1987-88 (Education Sector, Documentation and Computer-assisted Management Service)</subfield>
  </datafield>
</record>